@book{捷联惯导航,
    author          ="David H.Titterton and 张天光 and et al",
    year            ="2007.12",
    title           ="捷联惯性导航技术",
    publisher       ="国防工业出版社"
}

@article{9轴融合论文,
    author  ="Sebastian O.H. Madgwick",
    title   ="An efficient orientation filter for inertial and inertial/magnetic sensor arrays",
    year    ="2010.4"
}

@misc{经典博客,
    author = "Nemo",
    title = "四元数姿态解算中的地磁计融合解读",
    howpublished = "\url{http://blog.csdn.net/nemol1990/article/details/21870197}",
    year = "2014.3",
}

@misc{加速度计原理,
    author = "航向v",
    title = "加速度计和陀螺仪指南",
    howpublished = "\url{http://wenku.baidu.com/view/fbc31b9dc77da26925c5b023.html}",
    year = "2013.9",
}

@misc{四元数微分方程的推导,
    author = "liming0028v",
    title = "四元数微分方程的推导",
    howpublished = "\url{http://wenku.baidu.com/link?url=XYVHQcjsPStGiB9hmptcpIAssl__GZHMu1sanMH2H-d3JgcmpBS7WlnZoyNh8A2q7LMST6koVO79zhYEjazXenh7EBstnRRp5glVd_67z6C}",
    year = "2011.10",
}

@misc{方向余弦阵,
    author = "Ishtty",
    title = "方向余弦阵",
    howpublished = "\url{http://wenku.baidu.com/view/85564cc4bb4cf7ec4afed063.html}",
    year = "2010.11",
}

@misc{二维旋转,
    author = "Lagrangehxl",
    title = "二维旋转矩阵推理",
    howpublished = "\url{http://zhidao.baidu.com/link?url=7Pjk1jdl3-bAcLtw1N2m2SOsu-A6kJJ6ojdfEGaiJ-cF056z4guGg0t-oWeiT_j2-cHifzjCImG9myarSfIsbDMmrCqyFukZFVbOH7qfwcC}",
    year = "2013.12",
}

@article{四元数矢量旋转证明1,
    author  ="陈杰",
    title   ="四元数刻划的矢量旋转",
    year    ="2012.2"
}

@misc{四元数矢量旋转证明2,
    author = "NewThinkerwei",
    title = "三维旋转的四元数表示方法的解释",
    howpublished = "\url{http://blog.csdn.net/newthinker_wei/article/details/22521929}",
    year = "2014.3",
}


